@misc{BH-algo,
  author  = "{Tom Ventimiglia and Kevin Wayne}",
  title   = "The Barnes-Hut Algorithm",
  url     = "http://arborjs.org/docs/barnes-hut?fbclid=IwAR3pR3V6RcdUf4H_w58a4Pm_UTsZZsq8pFbGhmlPE7CnELlnBxt9I1zG0O8",
  note    = "[Online; accessed January 12, 2019]",
  urldate = {2019-01-12},
}

@misc{wiki:morton,
  author = "{Wikipedia contributors}",
  title  = "Z-order curve --- {Wikipedia}{,} The Free Encyclopedia",
  year   = "2019",
  url    = "https://en.wikipedia.org/w/index.php?title=Z-order_curve&oldid=931919268",
  note   = "[Online; accessed 17-January-2020]",
}

@inproceedings{main-ref,
  author    = "{Karras, Tero}",
  title     = "Maximizing Parallelism in the Construction of BVHs, Octrees, and k-d Trees",
  year      = "2012",
  isbn      = "9783905674415",
  publisher = "Eurographics Association",
  address   = "Goslar, DEU",
  booktitle = "Proceedings of the Fourth ACM SIGGRAPH / Eurographics Conference on High-Performance Graphics",
  pages     = "33-37",
  numpages  = "5",
  location  = "Paris, France",
  series    = "EGGH-HPG'12",
}

@misc{futhark,
  title   = "Futhark programming language website",
  url     = "https://futhark-lang.org/",
  note    = "[Online; accessed January 19, 2019]",
  urldate = {2019-01-19},
}
